@article{chaudhuri1997overview,
  title={An overview of data warehousing and OLAP technology},
  author={Chaudhuri, Surajit and Dayal, Umeshwar},
  journal={ACM Sigmod record},
  volume={26},
  number={1},
  pages={65--74},
  year={1997},
  publisher={ACM New York, NY, USA}
}

@article{gray1997data,
  title={Data cube: A relational aggregation operator generalizing group-by, cross-tab, and sub-totals},
  author={Gray, Jim and Chaudhuri, Surajit and Bosworth, Adam and Layman, Andrew and Reichart, Don and Venkatrao, Murali and Pellow, Frank and Pirahesh, Hamid},
  journal={Data mining and knowledge discovery},
  volume={1},
  number={1},
  pages={29--53},
  year={1997},
  publisher={Springer}
}

@inproceedings{zhao2011graph,
  title={Graph cube: on warehousing and OLAP multidimensional networks},
  author={Zhao, Peixiang and Li, Xiaolei and Xin, Dong and Han, Jiawei},
  booktitle={Proceedings of the 2011 ACM SIGMOD International Conference on Management of data},
  pages={853--864},
  year={2011}
}

@article{holme2015modern,
  title={Modern temporal network theory: a colloquium},
  author={Holme, Petter},
  journal={The European Physical Journal B},
  volume={88},
  number={9},
  pages={1--30},
  year={2015},
  publisher={Springer}
}

@incollection{junghanns2017management,
  title={Management and analysis of big graph data: current systems and open challenges},
  author={Junghanns, Martin and Petermann, Andr{\'e} and Neumann, Martin and Rahm, Erhard},
  booktitle={Handbook of big data technologies},
  pages={457--505},
  year={2017},
  publisher={Springer}
}

@article{liu2018graph,
  title={Graph summarization methods and applications: A survey},
  author={Liu, Yike and Safavi, Tara and Dighe, Abhilash and Koutra, Danai},
  journal={ACM computing surveys (CSUR)},
  volume={51},
  number={3},
  pages={1--34},
  year={2018},
  publisher={ACM New York, NY, USA}
}

@article{harinarayan1996implementing,
  title={Implementing data cubes efficiently},
  author={Harinarayan, Venky and Rajaraman, Anand and Ullman, Jeffrey D},
  journal={Acm Sigmod Record},
  volume={25},
  number={2},
  pages={205--216},
  year={1996},
  publisher={ACM New York, NY, USA}
}

@article{morfonios2007rolap,
  title={ROLAP implementations of the data cube},
  author={Morfonios, Konstantinos and Konakas, Stratis and Ioannidis, Yannis and Kotsis, Nikolaos},
  journal={ACM Computing Surveys (CSUR)},
  volume={39},
  number={4},
  pages={12--es},
  year={2007},
  publisher={ACM New York, NY, USA}
}

@inproceedings{karloff1999complexity,
  title={On the complexity of the view-selection problem},
  author={Karloff, Howard and Mihail, Milena},
  booktitle={Proceedings of the eighteenth ACM SIGMOD-SIGACT-SIGART symposium on Principles of database systems},
  pages={167--173},
  year={1999}
}

@article{han2005stream,
  title={Stream cube: An architecture for multi-dimensional analysis of data streams},
  author={Han, Jiawei and Chen, Yixin and Dong, Guozhu and Pei, Jian and Wah, Benjamin W and Wang, Jianyong and Cai, Y Dora},
  journal={Distributed and Parallel Databases},
  volume={18},
  number={2},
  pages={173--197},
  year={2005},
  publisher={Springer}
}

@article{gomez2009survey,
  title={A survey of spatio-temporal data warehousing},
  author={G{\'o}mez, Leticia and Kuijpers, Bart and Moelans, Bart and Vaisman, Alejandro},
  journal={International Journal of Data Warehousing and Mining (IJDWM)},
  volume={5},
  number={3},
  pages={28--55},
  year={2009},
  publisher={IGI Global}
}

@inproceedings{lo2008olap,
  title={Olap on sequence data},
  author={Lo, Eric and Kao, Ben and Ho, Wai-Shing and Lee, Sau Dan and Chui, Chun Kit and Cheung, David W},
  booktitle={Proceedings of the 2008 ACM SIGMOD international conference on Management of data},
  pages={649--660},
  year={2008}
}

@inproceedings{liu2011cube,
  title={E-cube: multi-dimensional event sequence analysis using hierarchical pattern query sharing},
  author={Liu, Mo and Rundensteiner, Elke and Greenfield, Kara and Gupta, Chetan and Wang, Song and Ari, Ismail and Mehta, Abhay},
  booktitle={Proceedings of the 2011 ACM SIGMOD International Conference on Management of data},
  pages={889--900},
  year={2011}
}

@inproceedings{lin2008text,
  title={Text cube: Computing ir measures for multidimensional text database analysis},
  author={Lin, Cindy Xide and Ding, Bolin and Han, Jiawei and Zhu, Feida and Zhao, Bo},
  booktitle={2008 Eighth IEEE International Conference on Data Mining},
  pages={905--910},
  year={2008},
  organization={IEEE}
}

@inproceedings{dehdouh2014columnar,
  title={Columnar NoSQL CUBE: Agregation operator for columnar NoSQL data warehouse},
  author={Dehdouh, Khaled and Bentayeb, Fadila and Boussaid, Omar and Kabachi, Nadia},
  booktitle={2014 IEEE International Conference on Systems, Man, and Cybernetics (SMC)},
  pages={3828--3833},
  year={2014},
  organization={IEEE}
}

@inproceedings{yin2012hmgraph,
  title={HMGraph OLAP: a novel framework for multi-dimensional heterogeneous network analysis},
  author={Yin, Mu and Wu, Bin and Zeng, Zengfeng},
  booktitle={Proceedings of the fifteenth international workshop on Data warehousing and OLAP},
  pages={137--144},
  year={2012}
}

@inproceedings{wang2015tsmh,
  title={TSMH Graph Cube: A novel framework for large scale multi-dimensional network analysis},
  author={Wang, Pengsen and Wu, Bin and Wang, Bai},
  booktitle={2015 IEEE international conference on data science and advanced analytics (DSAA)},
  pages={1--10},
  year={2015},
  organization={IEEE}
}

@inproceedings{navlakha2008graph,
  title={Graph summarization with bounded error},
  author={Navlakha, Saket and Rastogi, Rajeev and Shrivastava, Nisheeth},
  booktitle={Proceedings of the 2008 ACM SIGMOD international conference on Management of data},
  pages={419--432},
  year={2008}
}

@article{zhou2009graph,
  title={Graph clustering based on structural/attribute similarities},
  author={Zhou, Yang and Cheng, Hong and Yu, Jeffrey Xu},
  journal={Proceedings of the VLDB Endowment},
  volume={2},
  number={1},
  pages={718--729},
  year={2009},
  publisher={VLDB Endowment}
}

@inproceedings{wu2014graph,
  title={Graph summarization for attributed graphs},
  author={Wu, Ye and Zhong, Zhinong and Xiong, Wei and Jing, Ning},
  booktitle={2014 International conference on information science, electronics and electrical engineering},
  volume={1},
  pages={503--507},
  year={2014},
  organization={IEEE}
}

@inproceedings{zhu2020top,
  title={Top-k graph summarization on hierarchical dags},
  author={Zhu, Xuliang and Huang, Xin and Choi, Byron and Xu, Jianliang},
  booktitle={Proceedings of the 29th ACM International Conference on Information \& Knowledge Management},
  pages={1903--1912},
  year={2020}
}

@article{ke2022multi,
  title={Multi-relation Graph Summarization},
  author={Ke, Xiangyu and Khan, Arijit and Bonchi, Francesco},
  journal={ACM Transactions on Knowledge Discovery from Data (TKDD)},
  volume={16},
  number={5},
  pages={1--30},
  year={2022},
  publisher={ACM New York, NY}
}

@inproceedings{zhou2021dpgs,
  title={Dpgs: Degree-preserving graph summarization},
  author={Zhou, Houquan and Liu, Shenghua and Lee, Kyuhan and Shin, Kijung and Shen, Huawei and Cheng, Xueqi},
  booktitle={Proceedings of the 2021 SIAM International Conference on Data Mining (SDM)},
  pages={280--288},
  year={2021},
  organization={SIAM}
}

@inproceedings{shah2015timecrunch,
  title={Timecrunch: Interpretable dynamic graph summarization},
  author={Shah, Neil and Koutra, Danai and Zou, Tianmin and Gallagher, Brian and Faloutsos, Christos},
  booktitle={Proceedings of the 21th ACM SIGKDD international conference on knowledge discovery and data mining},
  pages={1055--1064},
  year={2015}
}

@article{fernandes2018dynamic,
	title={Dynamic graph summarization: a tensor decomposition approach},
	author={Fernandes, Sofia and Fanaee-T, Hadi and Gama, Jo{\~a}o},
	journal={Data Mining and Knowledge Discovery},
	volume={32},
	number={5},
	pages={1397--1420},
	year={2018},
	publisher={Springer}
}

@article{tsalouchidou2018scalable,
	title={Scalable dynamic graph summarization},
	author={Tsalouchidou, Ioanna and Bonchi, Francesco and Morales, Gianmarco De Francisci and Baeza-Yates, Ricardo},
	journal={IEEE Transactions on Knowledge and Data Engineering},
	volume={32},
	number={2},
	pages={360--373},
	year={2018},
	publisher={IEEE}
}

@inproceedings{ko2020incremental,
	title={Incremental lossless graph summarization},
	author={Ko, Jihoon and Kook, Yunbum and Shin, Kijung},
	booktitle={Proceedings of the 26th ACM SIGKDD International Conference on Knowledge Discovery \& Data Mining},
	pages={317--327},
	year={2020}
}

@inproceedings{wang2014pagrol,
  title={Pagrol: Parallel graph olap over large-scale attributed graphs},
  author={Wang, Zhengkui and Fan, Qi and Wang, Huiju and Tan, Kian-Lee and Agrawal, Divyakant and El Abbadi, Amr},
  booktitle={2014 IEEE 30th International Conference on Data Engineering},
  pages={496--507},
  year={2014},
  organization={IEEE}
}

@inproceedings{chen2020high,
  title={High performance distributed OLAP on property graphs with grasper},
  author={Chen, Hongzhi and Wu, Bowen and Deng, Shiyuan and Huang, Chenghuan and Li, Changji and Li, Yichao and Cheng, James},
  booktitle={Proceedings of the 2020 ACM SIGMOD International Conference on Management of Data},
  pages={2705--2708},
  year={2020}
}

@inproceedings{mudannayake2021kmatrix,
  title={kMatrix: A Space Efficient Streaming Graph Summarization Technique},
  author={Mudannayake, Oshan and Ranasinghe, Nalin},
  booktitle={2021 10th International Conference on Information and Automation for Sustainability (ICIAfS)},
  pages={161--166},
  year={2021},
  organization={IEEE}
}

@inproceedings{tang2016graph,
  title={Graph stream summarization: From big bang to big crunch},
  author={Tang, Nan and Chen, Qing and Mitra, Prasenjit},
  booktitle={Proceedings of the 2016 International Conference on Management of Data},
  pages={1481--1496},
  year={2016}
}

@inproceedings{ma2021parameter,
  title={A parameter-free approach for lossless streaming graph summarization},
  author={Ma, Ziyi and Yang, Jianye and Li, Kenli and Liu, Yuling and Zhou, Xu and Hu, Yikun},
  booktitle={Database Systems for Advanced Applications: 26th International Conference, DASFAA 2021, Taipei, Taiwan, April 11--14, 2021, Proceedings, Part I 26},
  pages={385--393},
  year={2021},
  organization={Springer}
}

@article{ashrafi2021gs4,
  title={GS4: Graph stream summarization based on both the structure and semantics},
  author={Ashrafi-Payaman, Nosratali and Kangavari, Mohammad Reza and Hosseini, Saeid and Fander, Amir Mohammad},
  journal={The Journal of Supercomputing},
  volume={77},
  pages={2713--2733},
  year={2021},
  publisher={Springer}
}

@inproceedings{gou2019fast,
  title={Fast and accurate graph stream summarization},
  author={Gou, Xiangyang and Zou, Lei and Zhao, Chenxingyu and Yang, Tong},
  booktitle={2019 IEEE 35th International Conference on Data Engineering (ICDE)},
  pages={1118--1129},
  year={2019},
  organization={IEEE}
}

@inproceedings{chen2022scube,
  title={Scube: Efficient Summarization for Skewed Graph Streams},
  author={Chen, Ming and Zhou, Renxiang and Chen, Hanhua and Jin, Hai},
  booktitle={2022 IEEE 42nd International Conference on Distributed Computing Systems (ICDCS)},
  pages={100--110},
  year={2022},
  organization={IEEE}
}

@inproceedings{chen2022horae,
  title={Horae: A graph stream summarization structure for efficient temporal range query},
  author={Chen, Ming and Zhou, Renxiang and Chen, Hanhua and Xiao, Jiang and Jin, Hai and Li, Bo},
  booktitle={2022 IEEE 38th International Conference on Data Engineering (ICDE)},
  pages={2792--2804},
  year={2022},
  organization={IEEE}
}